<record><leader>00000cas a22000007a 4500</leader><controlfield tag="001">18546326</controlfield><controlfield tag="008">880929d19061918nduwr ne      0    0eng d</controlfield><datafield ind1=" " ind2=" " tag="010"><subfield code="a">sn 88076668 </subfield></datafield><datafield ind1=" " ind2=" " tag="040"><subfield code="a">NOP</subfield><subfield code="b">eng</subfield><subfield code="c">NOP</subfield><subfield code="d">OCLCQ</subfield></datafield><datafield ind1=" " ind2=" " tag="042"><subfield code="a">msc</subfield></datafield><datafield ind1="0" ind2="4" tag="245"><subfield code="a">The Upham star.</subfield></datafield><datafield ind1=" " ind2=" " tag="260"><subfield code="a">Upham, N.D. :</subfield><subfield code="b">Upham Star Pub. Co.</subfield></datafield><datafield ind1=" " ind2=" " tag="300"><subfield code="a">15 v. :</subfield><subfield code="b">ill.</subfield></datafield><datafield ind1=" " ind2=" " tag="310"><subfield code="a">Weekly</subfield></datafield><datafield ind1="0" ind2=" " tag="362"><subfield code="a">Vol. 1, no. 48 (Apr. 7, 1906)-v. 15, no. 26 (Oct. 25, 1918).</subfield></datafield><datafield ind1=" " ind2=" " tag="530"><subfield code="a">Available on microfilm from the State Historical Society of North Dakota.</subfield></datafield><datafield ind1=" " ind2=" " tag="752"><subfield code="a">United States</subfield><subfield code="b">North Dakota</subfield><subfield code="c">McHenry</subfield><subfield code="d">Upham.</subfield></datafield><datafield ind1="0" ind2="0" tag="780"><subfield code="t">Weekly star (Meadow, N.D.)</subfield><subfield code="w">(DLC)sn 88076658</subfield></datafield></record>